@report{Bauer::2018,
	author = {Lauren Bauer and Patrick Liu and Diane Whitmore Schanzenbach and Jay Shambaugh},
	title = {Reducing Chronic Absenteeism under the Every Student Succeeds Act},
	type = {The Hamilton Project},
	institution = {The Brookings Institute},
	date = {April 2018},
}

@article{Rocque::2016,
	author = {Michael Rocque and Wesley G. Jennings and Alex R. Piquero and Turgut Ozkan and David Farrington},
	title = {The Importance of School Attendance: Findings From the Cambridge Study in Delinquent Development on the Life-Course Effects of Truancy},
	journaltitle = {Crime & Delinquency},
	date = {July 2016},
}

@article{Currie::2009,
	author = {Janet Currie and Eric A. Hanushek and E. Megan Kahn and Matthew Neidell and Steve G. Rivkin},
	title = {Does Pollution Increase School Absences?},
	journaltitle = {Review of Economics and Statistics},
	date = {November 2009},
}

@article{Gubbels::2019,
	author = {Jeanne Gubbels and Claudia E. van der Put and Mark Assink},
	title = {Risk Factors for School Absenteeism and Dropout: A Meta-Analytic Review},
	journaltitle = {Journal of Youth and Adolescence},
	date = {July 2019}
}

@article{Hall::2004,
	author = {Daniel B. Hall},
	title = {Zero-Inflated Poisson and Binomial Regression with Random Effects: A Case Study},
	journaltitle = {Biometrics},
	date = {May 2004}}

@inproceedings{Cortez::2008,
	author = {Paolo Cortez and Alice Silva},
	editor = {A. Brito and J. Teixeira},
	title = {Using Data Mining to Predict Secondary School Performance},
	booktitle = {Proceedings of the 5th FUture BUsines TEChnology Conference (FUBUTEC 2008)},
	date = {April 2008},
}

@online{eurostat,
	author = {Statstical Office of the European Union (EuroStat)},
	title = {Early leavers from education and training},
	date = {April 2020},
	url = {https://ec.europa.eu/eurostat/statistics-explained/index.php/Early_leavers_from_education_and_training#Overview},
}
